@inproceedings{blei2002latent,
  title={Latent dirichlet allocation},
  author={Blei, David M and Ng, Andrew Y and Jordan, Michael I},
  booktitle={Advances in neural information processing systems},
  pages={601--608},
  year={2002}
}

@article{jacobi2016quantitative,
  title={Quantitative analysis of large amounts of journalistic texts using topic modelling},
  author={Jacobi, Carina and Van Atteveldt, Wouter and Welbers, Kasper},
  journal={Digital Journalism},
  volume={4},
  number={1},
  pages={89--106},
  year={2016},
  publisher={Taylor \& Francis}
}

@inproceedings{blei2006dynamic,
  title={Dynamic topic models},
  author={Blei, David M and Lafferty, John D},
  booktitle={Proceedings of the 23rd international conference on Machine learning},
  pages={113--120},
  year={2006},
  organization={ACM}
}

@inproceedings{hutto2014vader,
  title={Vader: A parsimonious rule-based model for sentiment analysis of social media text},
  author={Hutto, Clayton J and Gilbert, Eric},
  booktitle={Eighth international AAAI conference on weblogs and social media},
  year={2014}
}

@article{baly2018predicting,
  title={Predicting factuality of reporting and bias of news media sources},
  author={Baly, Ramy and Karadzhov, Georgi and Alexandrov, Dimitar and Glass, James and Nakov, Preslav},
  journal={arXiv preprint arXiv:1810.01765},
  year={2018}
}

@article{allcott2017social,
  title={Social media and fake news in the 2016 election},
  author={Allcott, Hunt and Gentzkow, Matthew},
  journal={Journal of economic perspectives},
  volume={31},
  number={2},
  pages={211--36},
  year={2017}
}


@article{arun2019whatsapp,
  title={On WhatsApp, Rumours, and Lynchings},
  author={Arun, Chinmayi},
  journal={Economic \& Political Weekly},
  volume={54},
  number={6},
  pages={30--35},
  year={2019}
}

@article{bali2019fake,
  title={Fake News and Social Media: Indian Perspective},
  author={Bali, Aasita and Desai, Prathik},
  journal={Media Watch},
  volume={10},
  number={3},
  pages={737--750},
  year={2019},
  publisher={Centre for Academic Social Action}
}


@article{nadeau2007survey,
  title={A survey of named entity recognition and classification},
  author={Nadeau, David and Sekine, Satoshi},
  journal={Lingvisticae Investigationes},
  volume={30},
  number={1},
  pages={3--26},
  year={2007},
  publisher={John Benjamins}
}

@article{ramdass2009document,
  title={Document classification for newspaper articles},
  author={Ramdass, Dennis and Seshasai, Shreyes},
  journal={Document classification for newspaper articles},
  year={2009}
}

@inproceedings{hidey2017analyzing,
  title={Analyzing the semantic types of claims and premises in an online persuasive forum},
  author={Hidey, Christopher and Musi, Elena and Hwang, Alyssa and Muresan, Smaranda and McKeown, Kathy},
  booktitle={Proceedings of the 4th Workshop on Argument Mining},
  pages={11--21},
  year={2017}
}

@inproceedings{habernal2016argument,
  title={Which argument is more convincing? Analyzing and predicting convincingness of Web arguments using bidirectional LSTM},
  author={Habernal, Ivan and Gurevych, Iryna},
  booktitle={Proceedings of the 54th Annual Meeting of the Association for Computational Linguistics (Volume 1: Long Papers)},
  pages={1589--1599},
  year={2016}
}

@article{heylighen2002variation,
  title={Variation in the contextuality of language: An empirical measure},
  author={Heylighen, Francis and Dewaele, Jean-Marc},
  journal={Foundations of Science},
  volume={7},
  number={3},
  pages={293--340},
  year={2002},
  publisher={Springer}
}

@inproceedings{rinott2015show,
  title={Show me your evidence-an automatic method for context dependent evidence detection},
  author={Rinott, Ruty and Dankin, Lena and Perez, Carlos Alzate and Khapra, Mitesh M and Aharoni, Ehud and Slonim, Noam},
  booktitle={Proceedings of the 2015 conference on empirical methods in natural language processing},
  pages={440--450},
  year={2015}
}

@inproceedings{danescu2012echoes,
  title={Echoes of power: Language effects and power differences in social interaction},
  author={Danescu-Niculescu-Mizil, Cristian and Lee, Lillian and Pang, Bo and Kleinberg, Jon},
  booktitle={Proceedings of the 21st international conference on World Wide Web},
  pages={699--708},
  year={2012},
  organization={ACM}
}

@inproceedings{vaswani2017attention,
  title={Attention is all you need},
  author={Vaswani, Ashish and Shazeer, Noam and Parmar, Niki and Uszkoreit, Jakob and Jones, Llion and Gomez, Aidan N and Kaiser, {\L}ukasz and Polosukhin, Illia},
  booktitle={Advances in neural information processing systems},
  pages={5998--6008},
  year={2017}
}

@article{devlin2018bert,
  title={Bert: Pre-training of deep bidirectional transformers for language understanding},
  author={Devlin, Jacob and Chang, Ming-Wei and Lee, Kenton and Toutanova, Kristina},
  journal={arXiv preprint arXiv:1810.04805},
  year={2018}
}

@article{wolf2019transformers,
  title={Transformers: State-of-the-art Natural Language Processing},
  author={Wolf, Thomas and Debut, Lysandre and Sanh, Victor and Chaumond, Julien and Delangue, Clement and Moi, Anthony and Cistac, Pierric and Rault, Tim and Louf, R{\'e}mi and Funtowicz, Morgan and others},
  journal={arXiv preprint arXiv:1910.03771},
  year={2019}
}

@article{miller1995wordnet,
  title={WordNet: a lexical database for English},
  author={Miller, George A},
  journal={Communications of the ACM},
  volume={38},
  number={11},
  pages={39--41},
  year={1995},
  publisher={ACM}
}

@article{nielsen2011new,
  title={A new ANEW: Evaluation of a word list for sentiment analysis in microblogs},
  author={Nielsen, Finn {\AA}rup},
  journal={arXiv preprint arXiv:1103.2903},
  year={2011}
}

@inproceedings{ke2017lightgbm,
  title={Lightgbm: A highly efficient gradient boosting decision tree},
  author={Ke, Guolin and Meng, Qi and Finley, Thomas and Wang, Taifeng and Chen, Wei and Ma, Weidong and Ye, Qiwei and Liu, Tie-Yan},
  booktitle={Advances in Neural Information Processing Systems},
  pages={3146--3154},
  year={2017}
}

@article{al2019comparison,
  title={Comparison between XGBoost, LightGBM and CatBoost Using a Home Credit Dataset},
  author={Al Daoud, Essam},
  journal={International Journal of Computer and Information Engineering},
  volume={13},
  number={1},
  pages={6--10},
  year={2019}
}

@article{yang2019xlnet,
  title={XLNet: Generalized Autoregressive Pretraining for Language Understanding},
  author={Yang, Zhilin and Dai, Zihang and Yang, Yiming and Carbonell, Jaime and Salakhutdinov, Ruslan and Le, Quoc V},
  journal={arXiv preprint arXiv:1906.08237},
  year={2019}
}

@article{matthews1975comparison,
  title={Comparison of the predicted and observed secondary structure of T4 phage lysozyme},
  author={Matthews, Brian W},
  journal={Biochimica et Biophysica Acta (BBA)-Protein Structure},
  volume={405},
  number={2},
  pages={442--451},
  year={1975},
  publisher={Elsevier}
}

@misc{gingerich_2019, 
    title={The Cost of Fake News: \$78 Billion}, 
    url={https://www.odwyerpr.com/story/public/13448/2019-11-26/cost-fake-news-78-billion.html}, 
    journal={O'Dwyers PR}, 
    author={Gingerich, Jon}, 
    year={2019}, 
    month={Nov}
}

@misc{aljazeera_2018, 
title={Fake news and the Gulf crisis}, 
url={https://www.aljazeera.com/programmes/insidestory/2018/02/fake-news-gulf-crisis-180216212644373.html}, 
journal={Qatar | Al Jazeera}, 
publisher={Al Jazeera}, 
author={Al Jazeera}, 
year={2018}, month={Feb}
}

@misc{filho_2018, 
title={Brazilian Right-Wing Fell Hard for a Fake News Story About Venezuela, Provoking Diplomatic Incident}, 
url={https://theintercept.com/2018/01/15/fake-news-brazil-venezuela/}, 
journal={The Intercept}, 
publisher={The Intercept}, 
author={ Filho, Jo√£o}, 
year={2018}, 
month={Jan}
}

@article{nielsen2011afinn,
  title={Afinn},
  author={Nielsen, Finn {\AA}rup},
  journal={Richard Petersens Plads, Building},
  volume={321},
  year={2011}
}

@inproceedings{biran2012detecting,
  title={Detecting influencers in written online conversations},
  author={Biran, Or and Rosenthal, Sara and Andreas, Jacob and McKeown, Kathleen and Rambow, Owen},
  booktitle={Proceedings of the Second Workshop on Language in Social Media},
  pages={37--45},
  year={2012},
  organization={Association for Computational Linguistics}
}

@inproceedings{pennington2014glove,
  title={Glove: Global vectors for word representation},
  author={Pennington, Jeffrey and Socher, Richard and Manning, Christopher},
  booktitle={Proceedings of the 2014 conference on empirical methods in natural language processing (EMNLP)},
  pages={1532--1543},
  year={2014}
}

@article{hochreiter1997long,
  title={Long short-term memory},
  author={Hochreiter, Sepp and Schmidhuber, J{\"u}rgen},
  journal={Neural computation},
  volume={9},
  number={8},
  pages={1735--1780},
  year={1997},
  publisher={MIT Press}
}

@article{schuster1997bidirectional,
  title={Bidirectional recurrent neural networks},
  author={Schuster, Mike and Paliwal, Kuldip K},
  journal={IEEE Transactions on Signal Processing},
  volume={45},
  number={11},
  pages={2673--2681},
  year={1997},
  publisher={IEEE}
}

@inproceedings{yang2016hierarchical,
  title={Hierarchical attention networks for document classification},
  author={Yang, Zichao and Yang, Diyi and Dyer, Chris and He, Xiaodong and Smola, Alex and Hovy, Eduard},
  booktitle={Proceedings of the 2016 conference of the North American chapter of the association for computational linguistics: human language technologies},
  pages={1480--1489},
  year={2016}
}
